<?xml version="1.0" encoding="UTF-8"?><collection><record><leader>09749ntm a2200817 a 4500</leader><controlfield tag="001">006806235</controlfield><controlfield tag="003">MiAaHDL</controlfield><controlfield tag="005">20190719000000.0</controlfield><controlfield tag="006">m        d        </controlfield><controlfield tag="007">cr bn ---auaua</controlfield><controlfield tag="008">090602s1827    tu            00| ||ara d</controlfield><datafield tag="035" ind1=" " ind2=" "><subfield code="a">(MiU)006806235</subfield></datafield><datafield tag="035" ind1=" " ind2=" "><subfield code="a">sdr-miu006806235</subfield></datafield><datafield tag="040" ind1=" " ind2=" "><subfield code="a">MiU</subfield><subfield code="c">MiU</subfield><subfield code="e">amremm</subfield></datafield><datafield tag="043" ind1=" " ind2=" "><subfield code="a">n-us-mi</subfield></datafield><datafield tag="100" ind1="1" ind2=" "><subfield code="6">880-01</subfield><subfield code="a">Yūsuf Zādah, ʻAbd Allāh ibn Muḥammad,</subfield><subfield code="d">1674-1754.</subfield></datafield><datafield tag="245" ind1="1" ind2="3"><subfield code="6">880-02</subfield><subfield code="a">[al-Iʼtilāf fī wujūh al-ikhtilāf fī ‘ilm al-qirā’ah ... etc. ,</subfield><subfield code="f">1242, i.e. 1827].</subfield></datafield><datafield tag="246" ind1="3" ind2=" "><subfield code="i">Edge title (tail):</subfield><subfield code="a">ايتلاف</subfield></datafield><datafield tag="260" ind1=" " ind2=" "><subfield code="a">[Istanbul?,</subfield><subfield code="c">1827].</subfield></datafield><datafield tag="300" ind1=" " ind2=" "><subfield code="a">110 leaves :</subfield><subfield code="b">paper ;</subfield><subfield code="c">242 x 175 (145-175 x 79-110) mm.</subfield></datafield><datafield tag="500" ind1=" " ind2=" "><subfield code="a">Shelfmark: Ann Arbor, University of Michigan, Special Collections Library, Isl. Ms. 469</subfield></datafield><datafield tag="500" ind1=" " ind2=" "><subfield code="a">Origin: As appears in colophon on p.135, opening work copied by al-Ḥājj Ḥasan ibn al-Ḥājj ʻUthmān (Hacı Hasan b. Hacı Osman), imām in Sultanahmet Camii, with transcription completed 28 Rajab 1242 [ca. 25 February 1827] likely in Istanbul. As appears in preceding authorial colophon (pp.134-5) composition completed Shaʻbān 1168 [May-June 1755]. All works appear to be in the hand of the same copyist. As appears in colophon on p.221, transcription of final work completed in 10 Shawwāl 1242 [ca. 7 May 1827].</subfield></datafield><datafield tag="500" ind1=" " ind2=" "><subfield code="a">Accompanying materials: a. Acquisitions slip from Yahuda -- b. Inventory cataloguing slip in hand of Winifred Smeaton Thomas.</subfield></datafield><datafield tag="500" ind1=" " ind2=" "><subfield code="a">Former shelfmark: From inscription on inner front cover, "IL 457" and "M. 46" (likely supplied by Yahuda).</subfield></datafield><datafield tag="500" ind1=" " ind2=" "><subfield code="a">Binding: Pasteboards covered in marbled paper (in shades blue, orange, yellow, pink and black) with light brown leather over spine, fore edge flap, and edges/turn-ins (framed binding) ; Type II binding (with flap) ; pastedowns and flyleaves in sea green surface-dyed laid paper ; sewn in red thread, two stations ; endbands mainly gone ; overall in fair condition with some abrasion, staining, lifting and losses of leather, etc.</subfield></datafield><datafield tag="500" ind1=" " ind2=" "><subfield code="a">Support: European laid paper with 10-11 laid lines per cm. (vertical), chain lines spaced 32 mm. apart (horizontal), and watermarks of eagle (see p.12, 13,etc.) alternating with lion in scrollwork (see p.10, 14, etc.), thin and transluscent though sturdy, light burnished ; pastedowns / flyleaves in paper with 7 laid lines per cm. (horizontal), chain lines spaced 29 mm. apart (vertical), and crescent with face in shield watermark (78 mm. tall, see back flyleaf) ; some staining.</subfield></datafield><datafield tag="500" ind1=" " ind2=" "><subfield code="a">Decoration: Some overlining also in black ink.</subfield></datafield><datafield tag="500" ind1=" " ind2=" "><subfield code="a">Script: Naskh ; clear Turkish hand ; virtually serifless with effect of tilt to the left, curvilinear descenders, pointing (two and three dots) in strokes rather than distinct dots, some free assimilation of letters.</subfield></datafield><datafield tag="500" ind1=" " ind2=" "><subfield code="a">Layout: Written in 20-34 lines per page ; frame-ruled.</subfield></datafield><datafield tag="500" ind1=" " ind2=" "><subfield code="a">Collation: i, 11 V(110), i ; exclusively quinions ; catchwords present ; pagination in pencil, Western numerals, supplied during digitization (includes flyleaves).</subfield></datafield><datafield tag="500" ind1=" " ind2=" "><subfield code="a">Colophon: [al-Iʼtilāf] "Authorial," reads "وقد وقع الفراغ منه في ليلة الاحد من ايام شهر شعبان من شهور سنة ثمان وستين ومائة والف من هجرة من يأخذ العفو ويأمر بالعرف ..." ; [al-Iʼtilāf] "Scribal," reads "سوده الفقير الحقير الى رحمة ربه القدير الحاج حسن بن الحاج عثمان عليهما الرحمة والغفران المدعو بامام الثاني في جامع سلطان احمد خان عليه العفو والغفران وقد فرغت من تمنيق [تنميق] هذه النسخة المباركة التي الفها الشيخ المام ... شيخنا واستاذ استاذنا عبد الله افندى المعروف بيوسف افندى زاده ... يوم الثامن والعشرين من ليلة رجب شهر الله المحرم من سنة اربع واثنين وبعد مائتي الف من هجرة من له العزة والشرف اللهم ارحم لمؤلفه وناسخه وناظره ومطالعه ولجميع المؤمنين والمؤمنات برحمتك يا ارحم الراحمين امين يا معين م م م تمت م"</subfield></datafield><datafield tag="500" ind1=" " ind2=" "><subfield code="a">Explicit: [al-Iʼtilāf] "فامالة جاء للداجوني عن هشام مجري على وجوه البسملة والوصل والسكت كلها وكذا الفتح للحلواني عنه هذا ما تيسر لي من جميع الوجوه لبعض القراء والرواة في بعض الايات القرآنية على ترتيب السورة القرآنية على ما اخذنا من افواه المشايخ الكرام والائمة الاعلام مع تطبيق الطرق على قدر الامكان وان كان يضيق عن احاطتها نطاق البيان"</subfield></datafield><datafield tag="500" ind1=" " ind2=" "><subfield code="a">Incipit: [al-Iʼtilāf] "الحمد لله الذي انزل القرآن على سبعة احرف تيسيرا ... بعد فيقول العبد الفقير الى عفو ربه القدير عبد الله بن محمد الشهير بيوسف افندى زاده ... لقد طال حال خلدي ان اجمع على ترتيب للسور القرآنية بعض الايات التي اجتمع فيها الاختلاف من الوجوه والروايات من قراآت الائمة العشر ... وسميته الائتلاف في وجوه الاختلاف ..." ; [Risālah fī ʻilm al-qirāʼah] "الحمد لله الملك القوي المتين الذي نزل الذكر على رسوله محمد الامين ... وبعد فاني قد سمعت عن انه قد حكى اذا ذهبت الى مجلس ورأيت فيه عالما كبيرا من العلماء فاذا جاء الى هذا المجلس امام كبيرة العمامة وجلس فبعد زمان سأل منه ذلك العالم الكبير مسئلة من مسائل علم القرأة وهي اليوم يقرأ هكذا ..."</subfield></datafield><datafield tag="500" ind1=" " ind2=" "><subfield code="a">Title supplied by cataloguer.</subfield></datafield><datafield tag="500" ind1=" " ind2=" "><subfield code="a">Ms. codex.</subfield></datafield><datafield tag="505" ind1="0" ind2=" "><subfield code="a">13. p.216-p.221 : [treatise pertaining to the days of the week, in Turkish].</subfield></datafield><datafield tag="505" ind1="0" ind2=" "><subfield code="a">12. p.214-215 : [verses of Abū Saʻīd Khān (Ebusait Han)].</subfield></datafield><datafield tag="505" ind1="0" ind2=" "><subfield code="a">11. p. 211-p.214 : al-Risālah al-Raddīyah lil-ḍād / Yusuf Efendizade Abdullah bin Mehmet.</subfield></datafield><datafield tag="505" ind1="0" ind2=" "><subfield code="a">10. p.205-p.211 : [silsilah or chain of transmitters in al-qirāʼāt from the year 1213 (1798 or 9) back to Ibn al-Jazarī, possibly for the copyist].</subfield></datafield><datafield tag="505" ind1="0" ind2=" "><subfield code="a">9. p.202-p.204 : [brief passage in Turkish on ʻilm al-qirāʼah].</subfield></datafield><datafield tag="505" ind1="0" ind2=" "><subfield code="a">8. p.187-p.201 : Hādhā Kitāb mushkilāt Shāṭibī / Yusuf Efendizade Abdullah bin Mehmet.</subfield></datafield><datafield tag="505" ind1="0" ind2=" "><subfield code="a">7. p.174-p.186 : [Risālah fī al-iqrāʼ bi-al-shawādhdh] / Yusuf Efendizade Abdullah bin Mehmet.</subfield></datafield><datafield tag="505" ind1="0" ind2=" "><subfield code="a">6. p.160-p.173 : Risālah fī bayān marātib al-madd fī qirāʼāt / Yusuf Efendizade Abdullah bin Mehmet.</subfield></datafield><datafield tag="505" ind1="0" ind2=" "><subfield code="a">5. p.144-p.160 : [Risālah fī masāʼil mimmā yataʻallaqu bi-wujūhih al-Qurʼān] / Yusuf Efendizade Abdullah bin Mehmet.</subfield></datafield><datafield tag="505" ind1="0" ind2=" "><subfield code="a">4. p.142-p.143 : [blank].</subfield></datafield><datafield tag="505" ind1="0" ind2=" "><subfield code="a">3. 139-p.141 : [brief passage, apparently pertaining to the preceding, partly in Turkish and with excerpts from al-Nashr al-kabīr (of Ibn al-Jazarī ?)].</subfield></datafield><datafield tag="505" ind1="0" ind2=" "><subfield code="a">2. p.136-p.139 : [Risālah fī ʻilm al-qirāʼah].</subfield></datafield><datafield tag="505" ind1="0" ind2=" "><subfield code="a">1. p.3-p.135 : al-Iʼtilāf fī wujūh al-ikhtilāf fī ʻilm al-qirāʼah / Yusuf Efendizade Abdullah bin Mehmet.</subfield></datafield><datafield tag="520" ind1="8" ind2=" "><subfield code="a">Fine collection (majmūʻah) of works on the science of Qurʼānic readings (ʻilm al-qirāʼāt) mainly by Yusuf Efendizade Abdullah Hilmî b. Mehmet Amasî (d.1754) with a few brief passages in Turkish and a silsilah or chain of transmitters in al-qirāʼāt, possibly for the copyist / compiler of this majmūʻah.</subfield></datafield><datafield tag="538" ind1=" " ind2=" "><subfield code="a">Mode of access: Internet.</subfield></datafield><datafield tag="541" ind1=" " ind2=" "><subfield code="a">Acquired in 1926 from the bookseller Isaac Benjamin S.E. Yahuda via purchase transacted on his behalf by Abraham Shalom Yahuda (1877-1951), his younger brother.</subfield></datafield><datafield tag="546" ind1=" " ind2=" "><subfield code="a">Arabic.</subfield></datafield><datafield tag="561" ind1=" " ind2=" "><subfield code="a">Occasional marginal corrections ; on pp.205-211, a silsilah or chain of transmitters in al-qirāʼāt from the year 1213 (1798 or 9) back to Ibn al-Jazarī, possibly for the copyist, Hacı Hasan b. Hacı Osman.</subfield></datafield><datafield tag="630" ind1="0" ind2="0"><subfield code="a">Qurʼan</subfield><subfield code="x">Readings</subfield><subfield code="v">Early works to 1800.</subfield></datafield><datafield tag="650" ind1=" " ind2="0"><subfield code="a">Manuscripts, Turkish</subfield><subfield code="z">Michigan</subfield><subfield code="z">Ann Arbor.</subfield></datafield><datafield tag="650" ind1=" " ind2="0"><subfield code="a">Manuscripts, Arabic</subfield><subfield code="z">Michigan</subfield><subfield code="z">Ann Arbor.</subfield></datafield><datafield tag="700" ind1="0" ind2=" "><subfield code="6">880-08</subfield><subfield code="a">Hacı Hasan bin Hacı Osman,</subfield><subfield code="d">fl. 1827,</subfield><subfield code="e">scribe.</subfield></datafield><datafield tag="740" ind1="0" ind2="2"><subfield code="6">880-07</subfield><subfield code="a">Risālah al-Raddīyah lil-ḍād</subfield></datafield><datafield tag="740" ind1="0" ind2="2"><subfield code="6">880-06</subfield><subfield code="a">Kitāb mushkilāt Shāṭibī</subfield></datafield><datafield tag="740" ind1="0" ind2="2"><subfield code="6">880-05</subfield><subfield code="a">Risālah fī al-iqrāʼ bi-al-shawādhdh</subfield></datafield><datafield tag="740" ind1="0" ind2="2"><subfield code="6">880-04</subfield><subfield code="a">Risālah fī bayān marātib al-madd fī qirāʼāt</subfield></datafield><datafield tag="740" ind1="0" ind2="2"><subfield code="6">880-03</subfield><subfield code="a">Risālah fī masāʼil mimmā yataʻallaqu bi-wujūhih al-Qurʼān</subfield></datafield><datafield tag="773" ind1="0" ind2=" "><subfield code="a">Yahuda Collection.</subfield></datafield><datafield tag="880" ind1="0" ind2=" "><subfield code="6">700-08/</subfield><subfield code="a">حاجى حسن بن حاجى عثمان,</subfield><subfield code="e">ناسخ.</subfield></datafield><datafield tag="880" ind1="0" ind2="2"><subfield code="6">740-07/</subfield><subfield code="a">رسالة الردية للضاد</subfield></datafield><datafield tag="880" ind1="0" ind2="2"><subfield code="6">740-06/</subfield><subfield code="a">كتاب مشكلات شاطبي</subfield></datafield><datafield tag="880" ind1="0" ind2="2"><subfield code="6">740-05/</subfield><subfield code="a">رسالة في الاقراء بالشواذ</subfield></datafield><datafield tag="880" ind1="0" ind2="2"><subfield code="6">740-04/</subfield><subfield code="a">رسالة في بيان مراتب المد في قراآت</subfield></datafield><datafield tag="880" ind1="0" ind2="2"><subfield code="6">740-03/</subfield><subfield code="a">رسالة في مسائل مما يتعلق بوجوه القرآن</subfield></datafield><datafield tag="880" ind1="1" ind2="3"><subfield code="6">245-02/</subfield><subfield code="a">[الائتلاف في وجوه الاختلاف في علم القراءة ... الخ,</subfield><subfield code="f">1242ه، 1826م].</subfield></datafield><datafield tag="880" ind1="1" ind2=" "><subfield code="6">100-01/</subfield><subfield code="a">يوسف زاده, عبد الله بن محمد.</subfield></datafield><datafield tag="CID" ind1=" " ind2=" "><subfield code="a">006806235</subfield></datafield><datafield tag="DAT" ind1="0" ind2=" "><subfield code="a">20190719102637.0</subfield><subfield code="b">20190719000000.0</subfield></datafield><datafield tag="DAT" ind1="1" ind2=" "><subfield code="a">20190719090653.0</subfield><subfield code="b">2019-07-19T16:11:56Z</subfield></datafield><datafield tag="DAT" ind1="2" ind2=" "><subfield code="a">2015-10-10T18:00:06Z</subfield></datafield><datafield tag="CAT" ind1=" " ind2=" "><subfield code="a">SDR-MIU</subfield><subfield code="d">EX LIBRIS - ALEPH</subfield><subfield code="l">prepare.pl-004-008</subfield></datafield><datafield tag="FMT" ind1=" " ind2=" "><subfield code="a">BK</subfield></datafield><datafield tag="HOL" ind1=" " ind2=" "><subfield code="0">sdr-miu006806235</subfield><subfield code="a">MiU</subfield><subfield code="b">SDR</subfield><subfield code="c">MIU</subfield><subfield code="p">mdp.39015079127752</subfield><subfield code="s">MIU</subfield><subfield code="1">006806235</subfield></datafield><datafield tag="974" ind1=" " ind2=" "><subfield code="b">MIU</subfield><subfield code="c">MIU</subfield><subfield code="d">20190719</subfield><subfield code="s">lit-dlps-dc</subfield><subfield code="u">mdp.39015079127752</subfield><subfield code="y">1827</subfield><subfield code="r">pd</subfield><subfield code="q">bib</subfield><subfield code="t">non-US bib date1 &lt; 1896</subfield></datafield></record></collection>